<record><leader>00000cas a22000007a 4500</leader><controlfield tag="001">18547342</controlfield><controlfield tag="008">880930d18781900mdudr ne      0    0eng d</controlfield><datafield ind1=" " ind2=" " tag="010"><subfield code="a">sn 88065715 </subfield></datafield><datafield ind1=" " ind2=" " tag="040"><subfield code="a">MFN</subfield><subfield code="b">eng</subfield><subfield code="c">MFN</subfield><subfield code="d">OCLCQ</subfield></datafield><datafield ind1=" " ind2=" " tag="042"><subfield code="a">msc</subfield></datafield><datafield ind1=" " ind2="4" tag="050"><subfield code="a">AN41.16</subfield><subfield code="b">.M6</subfield></datafield><datafield ind1="0" ind2=" " tag="130"><subfield code="a">Morning herald (Baltimore, Md.)</subfield></datafield><datafield ind1="1" ind2="4" tag="245"><subfield code="a">The morning herald.</subfield></datafield><datafield ind1="3" ind2="0" tag="246"><subfield code="a">Sunday herald</subfield></datafield><datafield ind1=" " ind2=" " tag="260"><subfield code="a">Baltimore [Md. :</subfield><subfield code="b">s.n.]</subfield></datafield><datafield ind1=" " ind2=" " tag="300"><subfield code="a">v.</subfield></datafield><datafield ind1=" " ind2=" " tag="310"><subfield code="a">Daily,</subfield><subfield code="b">May 16, 1880-1900</subfield></datafield><datafield ind1=" " ind2=" " tag="321"><subfield code="a">Daily (except Sun.),</subfield><subfield code="b">1878-May 15, 1880</subfield></datafield><datafield ind1="0" ind2=" " tag="362"><subfield code="a">Vol. 5, no. 12 (Jan. 14, 1878)-v. 8, no. 54 (Sept. 2, 1879) ; whole no. 1462 (Sept. 3, 1879)-whole no. 6682 (June 18, 1896) ; June 19, 1896-Feb. 9, 1900.</subfield></datafield><datafield ind1=" " ind2=" " tag="500"><subfield code="a">Published on Sunday as: The Sunday herald, May 16, 1880-1900.</subfield></datafield><datafield ind1=" " ind2=" " tag="515"><subfield code="a">Issues for Sept. 1879-Jan. 1880 also carry vol. numbers.</subfield></datafield><datafield ind1=" " ind2=" " tag="752"><subfield code="a">United States</subfield><subfield code="b">Maryland</subfield><subfield code="d">Baltimore.</subfield></datafield><datafield ind1="0" ind2=" " tag="775"><subfield code="t">Weekly herald (Baltimore, Md.)</subfield><subfield code="w">(DLC)sn 88065718</subfield></datafield><datafield ind1="0" ind2=" " tag="775"><subfield code="t">Evening herald (Baltimore, Md.)</subfield><subfield code="w">(DLC)sn 90057018</subfield></datafield><datafield ind1="0" ind2="0" tag="780"><subfield code="t">Bee (Baltimore, Md.)</subfield><subfield code="w">(DLC)sn 84026773</subfield></datafield><datafield ind1="0" ind2="0" tag="785"><subfield code="t">Baltimore morning herald</subfield><subfield code="w">(DLC)sn 88065717</subfield></datafield></record>